<?xml version="1.0" encoding="UTF-8"?><collection xmlns="http://www.loc.gov/MARC21/slim"><record><leader>00521nam--2200169-i-4500</leader><controlfield tag="001">000009142</controlfield><controlfield tag="002">20161230</controlfield><controlfield tag="005">20161230201028</controlfield><controlfield tag="008">060222s1000------------r-----000-0-eng-d</controlfield><datafield ind1=" " ind2=" " tag="040"><subfield code="a">IFIN-HH</subfield></datafield><datafield ind1=" " ind2=" " tag="080"><subfield code="a">536.63</subfield></datafield><datafield ind1="1" ind2=" " tag="100"><subfield code="a">Aoyagi, Masaya</subfield></datafield><datafield ind1="1" ind2="0" tag="245"><subfield code="a">Low temperature thermal characteristics of some intermetallic compounds containing lanthanides</subfield><subfield code="b">Thesis</subfield><subfield code="c">Masaya aoyagi</subfield></datafield><datafield ind1=" " ind2=" " tag="260"><subfield code="a">Ann Arbor, Michigan</subfield><subfield code="b">University Microfilms Inc </subfield><subfield code="c">1967</subfield></datafield><datafield ind1=" " ind2=" " tag="300"><subfield code="a">V + 89 P</subfield></datafield><datafield ind1=" " ind2=" " tag="852"><subfield code="a">32275</subfield><subfield code="c">536</subfield></datafield><datafield ind1=" " ind2=" " tag="CAT"><subfield code="a">Sys</subfield><subfield code="c">20110509</subfield><subfield code="h">082759</subfield></datafield></record></collection>